<record><leader>00000cas a22000007a 4500</leader><controlfield tag="001">15368033</controlfield><controlfield tag="008">870325d19081913njudn ne      0    0eng d</controlfield><datafield ind1=" " ind2=" " tag="010"><subfield code="a">sn 87068055 </subfield></datafield><datafield ind1=" " ind2=" " tag="040"><subfield code="a">NJW</subfield><subfield code="b">eng</subfield><subfield code="c">NJW</subfield><subfield code="d">OCLCQ</subfield></datafield><datafield ind1=" " ind2=" " tag="042"><subfield code="a">msc</subfield></datafield><datafield ind1="0" ind2=" " tag="130"><subfield code="a">Daily chronicle (Orange, N.J.)</subfield></datafield><datafield ind1="1" ind2="4" tag="245"><subfield code="a">The daily chronicle.</subfield></datafield><datafield ind1=" " ind2=" " tag="260"><subfield code="a">Orange, N.J. :</subfield><subfield code="b">Chronicle Pub. Co.,</subfield><subfield code="c">-1913.</subfield></datafield><datafield ind1=" " ind2=" " tag="300"><subfield code="a">v.</subfield></datafield><datafield ind1=" " ind2=" " tag="310"><subfield code="a">Daily (except Sun.)</subfield></datafield><datafield ind1="1" ind2=" " tag="362"><subfield code="a">Began with Sept. 17, 1908 issue.</subfield></datafield><datafield ind1="0" ind2=" " tag="362"><subfield code="a">-no. 1625 (Dec. 31, 1913).</subfield></datafield><datafield ind1=" " ind2=" " tag="500"><subfield code="a">Editor: Charles Starr, &lt;1912&gt;.</subfield></datafield><datafield ind1=" " ind2=" " tag="525"><subfield code="a">Supplements accompany some issues.</subfield></datafield><datafield ind1=" " ind2=" " tag="588"><subfield code="a">Description based on: No. 1057 (Feb. 20, 1912).</subfield></datafield><datafield ind1=" " ind2=" " tag="752"><subfield code="a">United States</subfield><subfield code="b">New Jersey</subfield><subfield code="c">Essex</subfield><subfield code="d">Orange.</subfield></datafield><datafield ind1="0" ind2="0" tag="780"><subfield code="t">Orange chronicle</subfield><subfield code="w">(DLC)sn 84026200</subfield><subfield code="w">(OCoLC)10331400</subfield></datafield><datafield ind1="0" ind2="4" tag="785"><subfield code="t">Newark evening star and Newark advertiser</subfield></datafield></record>